{
  "leader": "08388cam a2200517 i 4500",
  "fields": [
    {
      "001": "ocm33078196\\"
    },
    {
      "003": "OCoLC"
    },
    {
      "005": "20220104180259.0"
    },
    {
      "008": "950818s1995\\\\\\\\flua\\\\\\\\\\b\\\\\\\\101\\0\\eng\\\\"
    },
    {
      "010": {
        "ind1": "\\",
        "ind2": "\\",
        "subfields": [
          {
            "a": "   95025293 "
          }
        ]
      }
    },
    {
      "040": {
        "ind1": "\\",
        "ind2": "\\",
        "subfields": [
          {
            "a": "DLC"
          },
          {
            "b": "eng"
          },
          {
            "e": "rda"
          },
          {
            "c": "DLC"
          },
          {
            "d": "CNO"
          },
          {
            "d": "EL{dollar}"
          },
          {
            "d": "LVB"
          },
          {
            "d": "NLGGC"
          },
          {
            "d": "BTCTA"
          },
          {
            "d": "YDXCP"
          },
          {
            "d": "GEBAY"
          },
          {
            "d": "BDX"
          },
          {
            "d": "OCLCO"
          },
          {
            "d": "OCLCF"
          },
          {
            "d": "OCLCQ"
          },
          {
            "d": "OCLCO"
          },
          {
            "d": "OCL"
          },
          {
            "d": "OCLCO"
          },
          {
            "d": "ILY"
          },
          {
            "d": "OCLCQ"
          },
          {
            "d": "IOG"
          },
          {
            "d": "OCLCO"
          }
        ]
      }
    },
    {
      "019": {
        "ind1": "\\",
        "ind2": "\\",
        "subfields": [
          {
            "a": "1166971672"
          }
        ]
      }
    },
    {
      "020": {
        "ind1": "\\",
        "ind2": "\\",
        "subfields": [
          {
            "a": "0935501991"
          },
          {
            "q": "(pbk. ;"
          },
          {
            "q": "alk. paper)"
          }
        ]
      }
    },
    {
      "020": {
        "ind1": "\\",
        "ind2": "\\",
        "subfields": [
          {
            "a": "9780935501995"
          },
          {
            "q": "(pbk. ;"
          },
          {
            "q": "alk. paper)"
          }
        ]
      }
    },
    {
      "020": {
        "ind1": "\\",
        "ind2": "\\",
        "subfields": [
          {
            "a": "1574540025"
          },
          {
            "q": "(pbk. ;"
          },
          {
            "q": "alk. paper)"
          }
        ]
      }
    },
    {
      "020": {
        "ind1": "\\",
        "ind2": "\\",
        "subfields": [
          {
            "a": "9781574540024"
          },
          {
            "q": "(pbk. ;"
          },
          {
            "q": "alk. paper)"
          }
        ]
      }
    },
    {
      "035": {
        "ind1": "\\",
        "ind2": "\\",
        "subfields": [
          {
            "a": "(OCoLC)33078196"
          },
          {
            "z": "(OCoLC)1166971672"
          }
        ]
      }
    },
    {
      "043": {
        "ind1": "\\",
        "ind2": "\\",
        "subfields": [
          {
            "a": "n-us---"
          },
          {
            "a": "xd-----"
          }
        ]
      }
    },
    {
      "050": {
        "ind1": "0",
        "ind2": "0",
        "subfields": [
          {
            "a": "HC94"
          },
          {
            "b": ".A558 1995"
          }
        ]
      }
    },
    {
      "082": {
        "ind1": "0",
        "ind2": "4",
        "subfields": [
          {
            "a": "337.091812"
          },
          {
            "b": "ADV"
          }
        ]
      }
    },
    {
      "245": {
        "ind1": "0",
        "ind2": "0",
        "subfields": [
          {
            "a": "Advancing the Miami process :"
          },
          {
            "b": "civil society and the Summit of the Americas /"
          },
          {
            "c": "Robin Rosenberg and Steve Stein, editors."
          }
        ]
      }
    },
    {
      "264": {
        "ind1": "\\",
        "ind2": "1",
        "subfields": [
          {
            "a": "Miami :"
          },
          {
            "b": "North-South Center Press,"
          },
          {
            "c": "[1995]"
          }
        ]
      }
    },
    {
      "264": {
        "ind1": "\\",
        "ind2": "2",
        "subfields": [
          {
            "a": "Boulder, CO :"
          },
          {
            "b": "Distributed by L. Rienner Publishers,"
          },
          {
            "c": "[1995]"
          }
        ]
      }
    },
    {
      "264": {
        "ind1": "\\",
        "ind2": "4",
        "subfields": [
          {
            "c": "\u00a91995"
          }
        ]
      }
    },
    {
      "300": {
        "ind1": "\\",
        "ind2": "\\",
        "subfields": [
          {
            "a": "xxvi, 427 pages :"
          },
          {
            "b": "illustrations ;"
          },
          {
            "c": "28 cm"
          }
        ]
      }
    },
    {
      "336": {
        "ind1": "\\",
        "ind2": "\\",
        "subfields": [
          {
            "a": "text"
          },
          {
            "b": "txt"
          },
          {
            "2": "rdacontent"
          }
        ]
      }
    },
    {
      "337": {
        "ind1": "\\",
        "ind2": "\\",
        "subfields": [
          {
            "a": "unmediated"
          },
          {
            "b": "n"
          },
          {
            "2": "rdamedia"
          }
        ]
      }
    },
    {
      "338": {
        "ind1": "\\",
        "ind2": "\\",
        "subfields": [
          {
            "a": "volume"
          },
          {
            "b": "nc"
          },
          {
            "2": "rdacarrier"
          }
        ]
      }
    },
    {
      "500": {
        "ind1": "\\",
        "ind2": "\\",
        "subfields": [
          {
            "a": "\"The Summit of the Americas, held in Miami in December 1994\"--Foreword."
          }
        ]
      }
    },
    {
      "504": {
        "ind1": "\\",
        "ind2": "\\",
        "subfields": [
          {
            "a": "Includes bibliographical references and index."
          }
        ]
      }
    },
    {
      "520": {
        "ind1": "1",
        "ind2": "\\",
        "subfields": [
          {
            "a": "\"A thorough and useful documentary collection of official summit documents, publications of intergovernmental organizations, proposals from nongovernmental organizations and individuals, and some correspondence relating to the summit\"--Handbook of Latin American Studies, v. 57."
          },
          {
            "u": "http://www.loc.gov/hlas"
          }
        ]
      }
    },
    {
      "505": {
        "ind1": "0",
        "ind2": "\\",
        "subfields": [
          {
            "t": "Foreword /"
          },
          {
            "r": "Robin Rosenberg, Steve Stein --"
          },
          {
            "t": "Acknowledgments --"
          },
          {
            "t": "Preface /"
          },
          {
            "r": "William Jefferson Clinton --"
          },
          {
            "t": "Introduction /"
          },
          {
            "r": "Cathryn L. Thorup --"
          },
          {
            "t": "Fourteen Summit Agenda Initiatives Presented by the United States to Governments of the Hemisphere"
          },
          {
            "g": "(starting p. 3) --"
          },
          {
            "t": "The Summit of the Americas Declaration of Principles"
          },
          {
            "g": "(starting p. 9) --"
          },
          {
            "t": "The Summit of the Americas Plan of Action"
          },
          {
            "g": "(starting p. 12) --"
          },
          {
            "t": "Postscript: Implementation of the Summit Plan of Action: Contact Points for the Private Sector and Non-Governmental Organizations"
          },
          {
            "g": "(starting p. 28) --"
          },
          {
            "t": "U.S.-Latin American Relations in the Nineties: New Opportunities and Challenges"
          },
          {
            "g": "(starting p. 35) /"
          },
          {
            "r": "Charles A. Gillespie, Jr. --"
          },
          {
            "t": "The Summit of the Americas: An Architecture for Inter-American Relations"
          },
          {
            "g": "(starting p. 41) /"
          },
          {
            "r": "Richard E. Feinberg --"
          },
          {
            "t": "Central American Alliance for Sustainable Development"
          },
          {
            "g": "(starting p. 47) --"
          },
          {
            "t": "Summary Report of the Conference on Strengthening Civil Society"
          },
          {
            "g": "(starting p. 57) --"
          },
          {
            "t": "The Fight Against Poverty in the Hemisphere Agenda"
          },
          {
            "g": "(starting p. 65) --"
          },
          {
            "t": "Our Common Agenda for the Americas"
          },
          {
            "g": "(starting p. 73) --"
          },
          {
            "t": "Toward Free Trade in the Western Hemisphere"
          },
          {
            "g": "(starting p. 111) --"
          },
          {
            "t": "Americas: The Continent in Which We Want to Live"
          },
          {
            "g": "(starting p. 123) --"
          },
          {
            "t": "Peace and Security in the Americas: Recommendations for Cooperative Hemispheric Security Policies"
          },
          {
            "g": "(starting p. 131) --"
          },
          {
            "t": "Postscript: The Miami Process and Security Issues"
          },
          {
            "g": "(starting p. 139) /"
          },
          {
            "r": "Francisco Rojas --"
          },
          {
            "t": "The Summit of the Americas Declaration on Human Rights"
          },
          {
            "g": "(starting p. 142) --"
          },
          {
            "t": "Postscript: Summit is a Major Disappointment on Human Rights"
          },
          {
            "g": "(starting p. 145) --"
          },
          {
            "t": "Statement on Human Rights and Civil Society and Recommendations for Action by Heads of State at the Summit of the Americas"
          },
          {
            "g": "(starting p. 146) --"
          },
          {
            "t": "Policy Proposals on Democratic Governance"
          },
          {
            "g": "(starting p. 149) --"
          },
          {
            "t": "Agenda for the Americas"
          },
          {
            "g": "(starting p. 157) /"
          },
          {
            "r": "Julius L. Katz, Robert C. Fisher --"
          },
          {
            "t": "Postscript: A Side by Side Analysis of Private Sector Recommendations and Summit Declarations"
          },
          {
            "g": "(starting p. 163) --"
          },
          {
            "t": "Miami Declaration: Hemispheric Entrepreneurial Leadership Summit"
          },
          {
            "g": "(starting p. 169) --"
          },
          {
            "t": "Latin America: Sustained Economic Growth"
          },
          {
            "g": "(starting p. 175) --"
          },
          {
            "t": "Western Hemisphere Free Trade Area Should Be the Goal of the Upcoming Inter-American Summit"
          },
          {
            "g": "(starting p. 193) --"
          },
          {
            "t": "Policy Proposals on Shared Prosperity in the Hemisphere: Trade, Investment, and Economic Development"
          },
          {
            "g": "(starting p. 199) --"
          },
          {
            "t": "Promises to Keep: The Unfinished Agenda"
          },
          {
            "g": "(starting p. 207) --"
          },
          {
            "t": "Postscript: The Measured and Unmade Promises of the Summit"
          },
          {
            "g": "(starting p. 217) /"
          },
          {
            "r": "Cheryl Morden --"
          },
          {
            "t": "Communique to the Presidents of the Americas"
          },
          {
            "g": "(starting p. 219) --"
          },
          {
            "t": "U.S. Latino Communique to the Summit of the Americas"
          },
          {
            "g": "(starting p. 251) --"
          },
          {
            "t": "Conclusions of the Inter-American Meeting of National Councils for Sustainable Development"
          },
          {
            "g": "(starting p. 255) --"
          },
          {
            "t": "Declaration by Heads of State of Principles on Economic Integration and Sustainable Development: Proposal for the Summit of the Americas"
          },
          {
            "g": "(starting p. 263) --"
          },
          {
            "t": "Declaration by Non-Governmental Organizations to Heads of State Participating in the Summit of the Americas Regarding the Need for Public Participation"
          },
          {
            "g": "(starting p. 265) --"
          },
          {
            "t": "Postscript: A Western Hemisphere Agreement on Minimum Environmental Standards Governing Industry: Proposal for Summit of the Americas"
          },
          {
            "g": "(starting p. 268) --"
          },
          {
            "t": "Canadian Regional Consultations on the Miami Summit of the Americas: Summary Reports"
          },
          {
            "g": "(starting p. 271) --"
          },
          {
            "t": "Postscript: Measuring the Summit's Success"
          },
          {
            "g": "(starting p. 292) /"
          },
          {
            "r": "John W. Graham --"
          },
          {
            "t": "Forest Policy and the Summit"
          },
          {
            "g": "(starting p. 295) --"
          },
          {
            "t": "The National Audubon Society: Proposals Submitted to the Clinton Administration"
          },
          {
            "g": "(starting p. 297) --"
          },
          {
            "t": "Proposal for Revitalization of the Western Hemisphere Convention"
          },
          {
            "g": "(starting p. 297) --"
          },
          {
            "t": "Proposal for Trade and the Environment"
          },
          {
            "g": "(starting p. 298) --"
          },
          {
            "t": "Proposed Statement of Trade and Environment Principles"
          },
          {
            "g": "(starting p. 299) --"
          },
          {
            "t": "Environmental Regulatory Frameworks: Elevation and Enforcement of Standards in the Western Hemisphere"
          },
          {
            "g": "(starting p. 301) --"
          },
          {
            "t": "Postscript: Our Views on the Summit"
          },
          {
            "g": "(starting p. 305) /"
          },
          {
            "r": "Kathleen Rogers, Mary Minette, Susan Murray --"
          },
          {
            "t": "Advancing Sustainable Development at the Summit of the Americas"
          },
          {
            "g": "(starting p. 309) /"
          },
          {
            "r": "John J. Kirton, Sarah Richardson --"
          },
          {
            "t": "Policy Proposals on the Environment and Sustainable Development"
          },
          {
            "g": "(starting p. 341) --"
          },
          {
            "t": "From Rio to Miami: Sustainable Development and the Summit of the Americas"
          },
          {
            "g": "(starting p. 351) --"
          },
          {
            "t": "Postscript: Universities: A Key Partner in Sustainable Development"
          },
          {
            "g": "(starting p. 355) /"
          },
          {
            "r": "John Mills, Terry McCoy --"
          },
          {
            "t": "Declaration of Concern of the Inter-American Regional Organization of Workers"
          },
          {
            "g": "(starting p. 361) --"
          },
          {
            "t": "A Hemispheric Commitment for Sustainable Development"
          },
          {
            "g": "(starting p. 367) --"
          },
          {
            "t": "Postscript: The Summit Agreements and Their Immediate Future"
          },
          {
            "g": "(starting p. 370) /"
          },
          {
            "r": "Ricardo Melendez O. --"
          },
          {
            "t": "The Americas in 1994: A Time for Leadership"
          },
          {
            "g": "(starting p. 373) --"
          },
          {
            "t": "The Hemispheric Summit: An Opportunity for the Americas"
          },
          {
            "g": "(starting p. 395) --"
          },
          {
            "t": "Postscript: The Summit and Beyond"
          },
          {
            "g": "(starting p. 397) /"
          },
          {
            "r": "Peter Hakim --"
          },
          {
            "t": "Letter from Steven M. Tullberg, the Indian Law Resource Center, to Cathryn L. Thorup"
          },
          {
            "g": "(starting p. 403) --"
          },
          {
            "t": "Letter from Non-Governmental Organization Leaders to the Leaders of the Western Hemisphere"
          },
          {
            "g": "(starting p. 405) --"
          },
          {
            "t": "Letter from Diputado Alfonso Smith Warman, the Indigenous Parliament of the Americas, to President Bill Clinton"
          },
          {
            "g": "(starting p. 408) --"
          },
          {
            "t": "Letter from Peter A. A. Berle, National Audubon Society, to Katie McGinty, the Office of Environmental Policy"
          },
          {
            "g": "(starting p. 410) --"
          },
          {
            "t": "Letter from Rene F. Rodriguez, the Inter-American College of Physicians and Surgeons, to President Bill Clinton"
          },
          {
            "g": "(starting p. 411) --"
          },
          {
            "t": "Letter from Non-Governmental Organization Leaders to Vice President Al Gore"
          },
          {
            "g": "(starting p. 413) --"
          },
          {
            "t": "Participating Organizations"
          },
          {
            "g": "(starting p. 415) --"
          },
          {
            "t": "Index"
          },
          {
            "g": "(starting p. 417)"
          }
        ]
      }
    },
    {
      "611": {
        "ind1": "2",
        "ind2": "0",
        "subfields": [
          {
            "a": "Summit of the Americas"
          },
          {
            "d": "(1994 :"
          },
          {
            "c": "Miami, Fla.)"
          }
        ]
      }
    },
    {
      "611": {
        "ind1": "2",
        "ind2": "7",
        "subfields": [
          {
            "a": "Summit of the Americas."
          },
          {
            "2": "fast"
          },
          {
            "0": "(OCoLC)fst01408517"
          }
        ]
      }
    },
    {
      "651": {
        "ind1": "\\",
        "ind2": "0",
        "subfields": [
          {
            "a": "America"
          },
          {
            "x": "Economic conditions"
          },
          {
            "v": "Congresses."
          }
        ]
      }
    },
    {
      "651": {
        "ind1": "\\",
        "ind2": "0",
        "subfields": [
          {
            "a": "America"
          },
          {
            "x": "Economic integration"
          },
          {
            "v": "Congresses."
          }
        ]
      }
    },
    {
      "650": {
        "ind1": "\\",
        "ind2": "7",
        "subfields": [
          {
            "a": "Economic history."
          },
          {
            "2": "fast"
          },
          {
            "0": "(OCoLC)fst00901974"
          }
        ]
      }
    },
    {
      "650": {
        "ind1": "\\",
        "ind2": "7",
        "subfields": [
          {
            "a": "International economic integration."
          },
          {
            "2": "fast"
          },
          {
            "0": "(OCoLC)fst00976879"
          }
        ]
      }
    },
    {
      "651": {
        "ind1": "\\",
        "ind2": "7",
        "subfields": [
          {
            "a": "America."
          },
          {
            "2": "fast"
          },
          {
            "0": "(OCoLC)fst01239786"
          }
        ]
      }
    },
    {
      "655": {
        "ind1": "\\",
        "ind2": "7",
        "subfields": [
          {
            "a": "Conference papers and proceedings."
          },
          {
            "2": "fast"
          },
          {
            "0": "(OCoLC)fst01423772"
          }
        ]
      }
    },
    {
      "700": {
        "ind1": "1",
        "ind2": "\\",
        "subfields": [
          {
            "a": "Rosenberg, Robin L."
          }
        ]
      }
    },
    {
      "700": {
        "ind1": "1",
        "ind2": "\\",
        "subfields": [
          {
            "a": "Stein, Steven J."
          }
        ]
      }
    },
    {
      "776": {
        "ind1": "0",
        "ind2": "8",
        "subfields": [
          {
            "i": "Online version:"
          },
          {
            "t": "Advancing the Miami process."
          },
          {
            "d": "Miami : North-South Center Press ; Boulder, CO : Distributed by L. Rienner Publishers, \u00a91995"
          },
          {
            "w": "(OCoLC)603627947"
          }
        ]
      }
    },
    {
      "994": {
        "ind1": "\\",
        "ind2": "\\",
        "subfields": [
          {
            "a": "Z0"
          },
          {
            "b": "NYRVC"
          }
        ]
      }
    },
    {
      "948": {
        "ind1": "\\",
        "ind2": "\\",
        "subfields": [
          {
            "h": "NO HOLDINGS IN NYRVC - 151 OTHER HOLDINGS"
          }
        ]
      }
    },
    {
      "999": {
        "ind1": "\\",
        "ind2": "\\",
        "subfields": [
          {
            "a": "00000000022509"
          }
        ]
      }
    }
  ]
}